@article{huang2018music,
  title={Music Transformer: Generating Music with Long-Term Structure},
  author={Huang, Cheng-Zhi Anna and Vaswani, Ashish and Uszkoreit, Jakob and Shazeer, Noam and Hawthorne, Curtis and Dai, Andrew M and Hoffman, Matthew D and Eck, Douglas},
  journal={arXiv preprint arXiv:1809.04281},
  year={2018}
}

@article{monfortmoments,
  title={Moments in Time Dataset: one million videos for event understanding},
  author={Monfort, Mathew and Andonian, Alex and Zhou, Bolei and Ramakrishnan, Kandan and Bargal, Sarah Adel and Yan, Tom and Brown, Lisa and Fan, Quanfu and Gutfruend, Dan and Vondrick, Carl and others},
  journal={IEEE Transactions on Pattern Analysis and Machine Intelligence},
  year={2019},
  issn={0162-8828},
  pages={1--8},
  numpages={8},
  doi={10.1109/TPAMI.2019.2901464},
}

@article{Ghose_2020,
   title={AutoFoley: Artificial Synthesis of Synchronized Sound Tracks for Silent Videos with Deep Learning},
   ISSN={1941-0077},
   url={http://dx.doi.org/10.1109/TMM.2020.3005033},
   DOI={10.1109/tmm.2020.3005033},
   journal={IEEE Transactions on Multimedia},
   publisher={Institute of Electrical and Electronics Engineers (IEEE)},
   author={Ghose, Sanchita and Prevost, John J.},
   year={2020},
   pages={1–1}
}
@article{stairactions2018, author = {Yoshikawa, Yuya and Lin, Jiaqing and Takeuchi, Akikazu}, title = {STAIR Actions: A Video Dataset of Everyday Home Actions}, journal={arXiv preprint arXiv:1804.04326}, url = {http://arxiv.org/abs/1804.04326}, year = {2018} }

@article{jumanpp,
	title={日本語形態素解析システム 	JUMAN++ version 1.0},
	author={京都大学大学院情報学研究科 黒橋・河原研究室},
	year={2016}
}

@article{mecab,
author="KUDO, T.",
title="MeCab : Yet Another Part-of-Speech and Morphological Analyzer",
journal="http://mecab.sourceforge.net/",
ISSN="",
publisher="",
year="2005",
month="",
volume="",
number="",
pages="",
URL="https://ci.nii.ac.jp/naid/10019716933/",
DOI="",
}

@article{rnn,
  added-at = {2014-10-01T00:00:00.000+0200},
  author = {Zaremba, W. and Sutskever, I. and Vinyals, O.},
  biburl = {https://www.bibsonomy.org/bibtex/2be2c5723ca406cfb8ced1b4f729ba92a/dblp},
  ee = {http://arxiv.org/abs/1409.2329},
  interhash = {4ae558af0d3b3ded8991be5d122c4afa},
  intrahash = {be2c5723ca406cfb8ced1b4f729ba92a},
  journal = {CoRR},
  keywords = {dblp},
  timestamp = {2015-06-18T03:59:34.000+0200},
  title = {Recurrent Neural Network Regularization.},
  url = {http://dblp.uni-trier.de/db/journals/corr/corr1409.html#ZarembaSV14},
  volume = {abs/1409.2329},
  year = {2014},
}
@article{setuzokusi_hataraki,
  title={文章理解における接続詞の働き},
  author={伊藤俊一 and 阿部純一},
  journal={心理学研究},
  volume={59},
  number={4},
  pages={241--247},
  year={1988},
  publisher={公益社団法人 日本心理学会}
}
@article{devlin2018bert,
  title={Bert: Pre-training of deep bidirectional transformers for language understanding},
  author={Devlin, Jacob and Chang, Ming-Wei and Lee, Kenton and Toutanova, Kristina},
  journal={arXiv preprint arXiv:1810.04805},
  year={2018}
}
@article{asai,
  title={論説的文章における接続詞について-日本語母語話者と上級日本語学習者の作文比較},
  author={浅井美恵子},
  journal={言葉と文化},
  number={4},
  pages={87--98},
  year={2003},
  publisher={名古屋大学大学院 国際言語文化研究科 日本言語文化専攻}
}
@book{ichikawa,
  title={国語教育のための文章論概論},
  author={市川孝},
  year={1978},
  publisher={教育出版}
}
@inproceedings{transformer,
 author = {Vaswani, Ashish and Shazeer, Noam and Parmar, Niki and Uszkoreit, Jakob and Jones, Llion and Gomez, Aidan N and Kaiser, \L ukasz and Polosukhin, Illia},
 booktitle = {Advances in Neural Information Processing Systems},
 editor = {I. Guyon and U. V. Luxburg and S. Bengio and H. Wallach and R. Fergus and S. Vishwanathan and R. Garnett},
 pages = {5998--6008},
 publisher = {Curran Associates, Inc.},
 title = {Attention is All you Need},
 url = {https://proceedings.neurips.cc/paper/2017/file/3f5ee243547dee91fbd053c1c4a845aa-Paper.pdf},
 volume = {30},
 year = {2017}
}
@article{elmo,
title={Deep contextualized word representations},
author={Peters, Matthew E and Neumann, Mark and Iyyer, Mohit and Gardner, Matt and Clark, Christopher and Lee, Kenton and Zettlemoyer, Luke},
journal={arXiv preprint arXiv:1802.05365},
year={2018}
}

@article{comic,
  title={コミック工学：マンガを計算可能にする試み},
  author={松下 光範},
  journal={日本知能情報ファジィ学会 ファジィ システム シンポジウム 講演論文集},
  volume={29},
  number={ },
  pages={199-199},
  year={2013},
  doi={10.14864/fss.29.0_199}
}


@article{mtap_matsui_2017,
    author={Yusuke Matsui and Kota Ito and Yuji Aramaki and Azuma Fujimoto and Toru Ogawa and Toshihiko Yamasaki and Kiyoharu Aizawa},
    title={Sketch-based Manga Retrieval using Manga109 Dataset},
    journal={Multimedia Tools and Applications},
    volume={76},
    number={20},
    pages={21811--21838},
    year={2017}
}

@article{word2vec,
  title={Efficient estimation of word rep-resentations in vector space},
  author={Tomas Mikolov, Kai Chen, Greg Corrado, and Jeffrey Dean},
  journal={arXiv preprint arXiv:1301.3781},
  year={2013}
}

@article{DBLP:journals/corr/LeM14,
  author    = {Quoc V. Le and
               Tom{\'{a}}s Mikolov},
  title     = {Distributed Representations of Sentences and Documents},
  journal   = {CoRR},
  volume    = {abs/1405.4053},
  year      = {2014},
  url       = {http://arxiv.org/abs/1405.4053},
  archivePrefix = {arXiv},
  eprint    = {1405.4053},
  timestamp = {Mon, 28 Dec 2020 11:31:02 +0100},
  biburl    = {https://dblp.org/rec/journals/corr/LeM14.bib},
  bibsource = {dblp computer science bibliography, https://dblp.org}
}

@article{ueno_miki2018,
  title={創作者と人工知能: 共作実現に向けた創作過程とメタデータ付与 4 コマ漫画ストーリーデータセット構築},
  author={上野未貴},
  journal={人工知能学会全国大会論文集},
  year={2018}
}

@misc{attention,
      title={Neural Machine Translation by Jointly Learning to Align and Translate},
      author={Dzmitry Bahdanau and Kyunghyun Cho and Yoshua Bengio},
      year={2016},
      eprint={1409.0473},
      archivePrefix={arXiv},
      primaryClass={cs.CL}
}
@inproceedings{attention_model,
    title = "Effective Approaches to Attention-based Neural Machine Translation",
    author = "Luong, Thang  and
      Pham, Hieu  and
      Manning, Christopher D.",
    booktitle = "Proceedings of the 2015 Conference on Empirical Methods in Natural Language Processing",
    month = sep,
    year = "2015",
    address = "Lisbon, Portugal",
    publisher = "Association for Computational Linguistics",
    url = "https://www.aclweb.org/anthology/D15-1166",
    doi = "10.18653/v1/D15-1166",
    pages = "1412--1421",
}

@article{brusilovsky:simonyan2014very,
  abstract = {The used CNN implementation (VGGNet) by the main paper (used)},
  added-at = {2020-06-08T19:18:30.000+0200},
  author = {Simonyan, Karen and Zisserman, Andrew},
  biburl = {https://www.bibsonomy.org/bibtex/2bc3ee27a1dd159f48b10ac3555879865/buch_jon},
  citeulike-article-id = {14183517},
  interhash = {4e6fa56cb7cf99400d5701543ee228de},
  intrahash = {bc3ee27a1dd159f48b10ac3555879865},
  journal = {arXiv preprint arXiv:1409.1556},
  keywords = {},
  posted-at = {2016-11-14 05:20:24},
  priority = {2},
  timestamp = {2020-06-08T19:18:30.000+0200},
  title = {{Very deep convolutional networks for large-scale image recognition}},
  year = {2014}
}

@article{DBLP:journals/corr/abs-1808-06226,
  author    = {Taku Kudo and
               John Richardson},
  title     = {SentencePiece: {A} simple and language independent subword tokenizer
               and detokenizer for Neural Text Processing},
  journal   = {CoRR},
  volume    = {abs/1808.06226},
  year      = {2018},
  url       = {http://arxiv.org/abs/1808.06226},
  archivePrefix = {arXiv},
  eprint    = {1808.06226},
  timestamp = {Sun, 02 Sep 2018 15:01:56 +0200},
  biburl    = {https://dblp.org/rec/journals/corr/abs-1808-06226.bib},
  bibsource = {dblp computer science bibliography, https://dblp.org}
}

@inproceedings{imagenet_cvpr09,
        AUTHOR = {Deng, J. and Dong, W. and Socher, R. and Li, L.-J. and Li, K. and Fei-Fei, L.},
        TITLE = {{ImageNet: A Large-Scale Hierarchical Image Database}},
        BOOKTITLE = {CVPR09},
        YEAR = {2009},
        BIBSOURCE = "http://www.image-net.org/papers/imagenet_cvpr09.bib"
}

@inproceedings{i2v,
author = {Saito, Masaki and Matsui, Yusuke},
title = {Illustration2Vec: A Semantic Vector Representation of Illustrations},
year = {2015},
isbn = {9781450339308},
publisher = {Association for Computing Machinery},
address = {New York, NY, USA},
url = {https://doi.org/10.1145/2820903.2820907},
doi = {10.1145/2820903.2820907},
booktitle = {SIGGRAPH Asia 2015 Technical Briefs},
articleno = {5},
numpages = {4},
keywords = {illustration, visual similarity, CNNs, search},
location = {Kobe, Japan},
series = {SA ’15}
}

@article{word_net_jp,
  title={Japanese SemCor: A Sense-tagged Corpus of Japanese in The 6th International Conference of the Global WordNet Association (GWC-2012), Matsue.},
  author={Francis Bond, Timothy Baldwin, Richard Fothergill and Kiyotaka Uchimoto},
  year={2012}
}

@article{hottoSNS-bert,
  title={BERT Pre-trained model Trained on Large-scale Japanese Social Media Corpus},
  author={Sakaki， Takeshi and Mizuki, Sakae and Gunji, Naoyuki},
  year = {2019},
  howpublished = {\url{https://github.com/hottolink/hottoSNS-bert}}
}

@article{kyoto-bert,
    author={柴田 知秀, 河原 大輔, 黒橋 禎夫},
    title={BERT による日本語構文解析の精度向上},
    journal={言語処理学会 第25回年次大会},
    pages={pp.205-208},
    year={2019}
}

@article{matsusita13,
  title={コミック工学：マンガを計算可能にする試み},
  author={松下 光範},
  journal={日本知能情報ファジィ学会 ファジィ システム シンポジウム 講演論文集},
  volume={29},
  number={ },
  pages={199-199},
  year={2013},
  doi={10.14864/fss.29.0\_199}
}
@inproceedings{manpu1,
author={N.-V. Nguyen, C. Rigaud, ​ J.-C. Burie},
title={Comic characters detection using deep learning},
Booktitle={2nd International Workshop on coMics ANalysis, Processing and Understanding (MANPU)},
year={2017}
}
@inproceedings{takayama2012face,
  title={Face detection and face recognition of cartoon characters using feature extraction},
  author={Takayama, Kohei and Johan, Henry and Nishita, Tomoyuki},
  booktitle={Image, Electronics and Visual Computing Workshop},
  pages={48},
  year={2012}
}
@inproceedings{fujino-dcai17,
  author    = {Saya Fujino and
               Taichi Hatanaka and
               Naoki Mori and
               Keinosuke Matsumoto},
  title     = {The Evolutionary Deep Learning based on Deep Convolutional Neural
               Network for the Anime Storyboard Recognition},
  booktitle = {Distributed Computing and Artificial Intelligence, 14th International
               Conference, {DCAI} 2017, Porto, Portugal, 21-23 June, 2017},
  pages     = {278--285},
  year      = {2017}
}

@inproceedings{fujino-siga,
  author    = {Saya Fujino and
               Naoki Mori and
               Keinosuke Matsumoto},
  title     = {Deep convolutional networks for human sketches by means of the evolutionary
               deep learning},
  booktitle = {Joint 17th World Congress of International Fuzzy Systems Association
               and 9th International Conference on Soft Computing and Intelligent
               Systems, {IFSA-SCIS} 2017, Otsu, Japan, June 27-30, 2017},
  pages     = {1--5},
  year      = {2017}
}

@inproceedings{ueno2016estimation,
  title={Estimation of structure of four-scene comics by convolutional neural networks},
  author={Ueno, Miki and Mori, Naoki and Suenaga, Toshinori and Isahara, Hitoshi},
  booktitle={Proceedings of the 1st International Workshop on coMics ANalysis, Processing and Understanding},
  pages={9},
  year={2016},
  organization={ACM}
}

@inproceedings{ueno:dcai2014,
  title={2-Scene Comic Creating System Based on the Distribution of Picture State Transition},
  author={Miki Ueno, Naoki Mori, Keinosuke Matsumoto},
  booktitle={Advances in Intelligent Systems and Computing},
  year={2014},
  volume={290},
  pages = {459-467}
}

@inproceedings{ueno:dcai2016,
  title={Computational Interpretation of Comic Scenes},
  author={Miki Ueno},
  booktitle={Advances in Intelligent Systems and Computing},
  year={2016},
  volume={474},
  pages = {387-393}
}

@book{compeito1,
 author = {H. Fujino},
 title = {Compeito ! 1 (Confetti ! 1)},
 year = {2007},
 isbn = {483226527X},
 publisher = {Houbunsha}
}

%追加分
@article{sketchrnn,
  author    = {David Ha and
               Douglas Eck},
  title     = {A Neural Representation of Sketch Drawings},
  journal   = {CoRR},
  volume    = {abs/1704.03477},
  year      = {2017},
  url       = {http://arxiv.org/abs/1704.03477},
  archivePrefix = {arXiv},
  eprint    = {1704.03477},
  timestamp = {Wed, 07 Jun 2017 14:40:42 +0200},
  biburl    = {http://dblp.org/rec/bib/journals/corr/HaE17},
  bibsource = {dblp computer science bibliography, http://dblp.org}
}

@inproceedings{shirakawa2017genetic,
  title={A genetic programming approach to designing convolutional neural network architectures},
  author={Suganuma, Masanori and Shirakawa, Shinichi and Nagao, Tomoharu},
  booktitle={Proceedings of the Genetic and Evolutionary Computation Conference},
  pages={497--504},
  year={2017},
  organization={ACM}
}
@inproceedings{ueno:icpr16,
  author    = {Miki Ueno and
               Naoki Mori and
               Toshinori Suenaga and
               Hitoshi Isahara},
  title     = {Estimation of structure of four-scene comics by convolutional neural
               networks},
  booktitle = {Proceedings of the 1st International Workshop on coMics ANalysis,
               Processing and Understanding, MANPU@ICPR 2016, Cancun, Mexico, December
               4, 2016},
  pages     = {9:1--9:6},
  year      = {2016},
  crossref  = {ueno:icpr16},
  url       = {http://doi.acm.org/10.1145/3011549.3011558},
  doi       = {10.1145/3011549.3011558},
  timestamp = {Thu, 02 Feb 2017 17:47:21 +0100},
  biburl    = {http://dblp.org/rec/bib/conf/icpr/UenoMSI16},
  bibsource = {dblp computer science bibliography, http://dblp.org}
}
@incollection{imagenet,
    Author = {A. Krizhevsky and I. Sutskever and G. E. Hinton},
    Url = {http://books.nips.cc/papers/files/nips25/NIPS2012\_0534.pdf},
    Booktitle = {Advances in Neural Information Processing Systems 25},
    Title = {ImageNet Classification with Deep Convolutional Neural Networks},
    Editor = {P. Bartlett and F.c.n. Pereira and C.j.c. Burges and L. Bottou and K.q. Weinberger},
    Year = {2012},
    Pages = {1106--1114}
   }

@article{GACNN,
    author = {Y. Zhining, P. Yunming},
    title = {The Genetic Convolutional Neural Network Model Based on Random Sample},
    journal="International Journal of u- and e- Service, Science and Technology",
    year = {2015},
    volume={8},
    number={11},
    pages={317--326}
}
@misc{keras,
  title={Keras},
  author={Chollet, Fran\c{c}ois and others},
  year={2015},
  publisher={GitHub},
  howpublished={\url{https://github.com/keras-team/keras}}
}
@article{multi-path,
  author    = {Mingming Wang},
  title     = {Multi-path Convolutional Neural Networks for Complex Image Classification},
  journal   = {CoRR},
  volume    = {abs/1506.04701},
  year      = {2015},
  url       = {http://arxiv.org/abs/1506.04701},
  archivePrefix = {arXiv},
  eprint    = {1506.04701},
  timestamp = {Wed, 07 Jun 2017 14:43:12 +0200},
  biburl    = {http://dblp.org/rec/bib/journals/corr/Wang15l},
  bibsource = {dblp computer science bibliography, http://dblp.org}
}

@article{manga-literacy,
author={中澤 潤},
title="マンガ読解力の規定因としてのマンガの読みリテラシー",
journal="マンガ研究",
ISSN="",
publisher="日本マンガ学会",
year="2004",
month="mar",
volume="5",
number="",
pages="6-25",
URL="https://ci.nii.ac.jp/naid/40006522152/",
DOI="",
}
@Inbook{fukuda_ies2016,
author="Fukuda, Kiyohito
and Fujino, Saya
and Mori, Naoki
and Matsumoto, Keinosuke",
title="Semi-automatic Picture Book Generation Based on Story Model and Agent-Based Simulation",
bookTitle="Intelligent and Evolutionary Systems: The 20th Asia Pacific Symposium, IES 2016, Canberra, Australia, November 2016, Proceedings",
year="2017",
publisher="Springer International Publishing",
address="Cham",
pages="117--132",
isbn="978-3-319-49049-6",
doi="10.1007/978-3-319-49049-6_9",
url="http://dx.doi.org/10.1007/978-3-319-49049-6_9"
}
@inproceedings{ueno-oti2017,
  author = {上野 未貴 and 末長 寿規 and 井佐 原均},
  title = {漫画中の表現獲得方法に基づくストーリー理解過程の解析},
  booktitle = {第 31 回人工知能学会全国大会発表論文集},
  pages="4F1-5in2",
  year = {2017}
}
@inproceedings{ueno-emotion2016,
  author = {上野 未貴 and 森 直樹 and 松本 啓之亮},
  title = {漫画内の特徴的要素が与えるストーリーの印象についての検討},
  booktitle = {第 30 回人工知能学会全国大会発表論文集},
  pages="2J5-OS-08b-4in2",
  year = {2016}
}
@inproceedings{GA4koma,
  author = {野村 俊太 and 荒井 幸代},
  title = {進化計算を用いた人間の感性理解のための遺伝子解析法},
  booktitle = {第 31 回人工知能学会全国大会発表論文集},
  pages="3H2-OS-04b-2",
  year = {2017}
}


@book{goldberg,
 author = {D. E. Goldberg},
 title = {Genetic Algorithms in Search, Optimization and Machine Learning},
 year = {1989},
 isbn = {0201157675},
 edition = {1st},
 publisher = {Addison-Wesley Longman Publishing Co., Inc.},
 address = {Boston, MA, USA},
}

@article{charlie_brown,
  author    = {N. Cohn},
  title     = {You’re a good structure, Charlie Brown: The distribution of narrative categories in comic strips},
  journal   = {Cognitive Science},
  volume    = {38},
  pages = {1317-1359},
  year      = {2014}
}

@inproceedings{jsai18sato,
  title={コミックの読書意欲を増進させる要素に関する分析},
  author={佐藤 剣太 and 牧 良樹 and 中村 聡史},
  booktitle={人工知能学会全国大会論文集 2018 年度人工知能学会全国大会 (第 32 回) 論文集},
  pages={1K1OS2a01--1K1OS2a01},
  year={2018},
  organization={一般社団法人 人工知能学会}
}

@inproceedings{jsai18fujino,
  title={3 分岐型畳み込みニューラルネットワークによる 4 コマ漫画の順序識別},
  author={藤野 紗耶 and 森 直樹 and 松本 啓之亮},
  booktitle={人工知能学会全国大会論文集 2018 年度人工知能学会全国大会 (第 32 回) 論文集},
  pages={1K1OS2a05--1K1OS2a05},
  year={2018},
  organization={一般社団法人 人工知能学会}
}

@inproceedings{jsai18mukaeyama,
  title={既存の漫画に基づいた 2 コマ漫画の自律生成},
  author={迎山 和司},
  booktitle={人工知能学会全国大会論文集 2018 年度人工知能学会全国大会 (第 32 回) 論文集},
  pages={1K1OS2a02--1K1OS2a02},
  year={2018},
  organization={一般社団法人 人工知能学会}
}

@InProceedings{Ueno18,
  author    = {Miki Ueno},
  title     = {Four-Scene Comic Story Dataset for Softwares on Creative Process},
  booktitle = {New Trends in Intelligent Software Methodologies, Tools and Techniques - Proceedings of the 17th International Conference SoMeT{\_}18, Granada, Spain, 26-28 September 2018},
  year      = {2018},
  pages     = {48--56},
}

@inproceedings{jsai18ueno,
  title={創作者と人工知能: 共作実現に向けた創作過程とメタデータ付与 4 コマ漫画ストーリーデータセット構築},
  author={上野 未貴},
  booktitle={人工知能学会全国大会論文集 2018 年度人工知能学会全国大会 (第 32 回) 論文集},
  pages={4Pin116--4Pin116},
  year={2018},
  organization={一般社団法人 人工知能学会}
}

@inproceedings{optuna_2019,
    title={Optuna: A Next-generation Hyperparameter Optimization Framework},
    author={Akiba, Takuya and Sano, Shotaro and Yanase, Toshihiko and Ohta, Takeru and Koyama, Masanori},
    booktitle={Proceedings of the 25rd {ACM} {SIGKDD} International Conference on Knowledge Discovery and Data Mining},
    year={2019}
}

@article{vanDerMaaten2008,
  added-at = {2015-06-19T12:07:15.000+0200},
  author = {van der Maaten, Laurens and Hinton, Geoffrey},
  biburl = {https://www.bibsonomy.org/bibtex/28b9aebb404ad4a4c6a436ea413550b30/lopusz_kdd},
  interhash = {370ba8b9e1909b61880a6f47c93bcd49},
  intrahash = {8b9aebb404ad4a4c6a436ea413550b30},
  journal = {Journal of Machine Learning Research},
  keywords = {dimensionality_reduction tSNE visualization},
  pages = {2579--2605},
  timestamp = {2015-08-19T15:19:11.000+0200},
  title = {Visualizing Data using {t-SNE} },
  url = {http://www.jmlr.org/papers/v9/vandermaaten08a.html},
  volume = 9,
  year = 2008
}

@article{DBLP:journals/corr/abs-1806-09055,
  author    = {Hanxiao Liu and
               Karen Simonyan and
               Yiming Yang},
  title     = {{DARTS:} Differentiable Architecture Search},
  volume    = {abs/1806.09055},
  year      = {2018},
  url       = {http://arxiv.org/abs/1806.09055},
  archivePrefix = {arXiv},
  eprint    = {1806.09055},
  timestamp = {Mon, 13 Aug 2018 16:49:10 +0200},
  biburl    = {https://dblp.org/rec/journals/corr/abs-1806-09055.bib},
  bibsource = {dblp computer science bibliography, https://dblp.org}
}

@article{DBLP:journals/corr/HeZRS15,
  author    = {Kaiming He and
               Xiangyu Zhang and
               Shaoqing Ren and
               Jian Sun},
  title     = {Deep Residual Learning for Image Recognition},
  journal   = {CoRR},
  volume    = {abs/1512.03385},
  year      = {2015},
  url       = {http://arxiv.org/abs/1512.03385},
  archivePrefix = {arXiv},
  eprint    = {1512.03385},
  timestamp = {Wed, 17 Apr 2019 17:23:45 +0200},
  biburl    = {https://dblp.org/rec/journals/corr/HeZRS15.bib},
  bibsource = {dblp computer science bibliography, https://dblp.org}
}

@article{HochSchm97,
  author      = {Sepp Hochreiter and Jürgen Schmidhuber},
  journal     = {Neural Computation},
  title       = {Long Short-Term Memory},
  year        = {1997},
  number      = {8},
  pages       = {1735--1780},
  volume      = {9},
  optabstract = {Learning to store information over extended time intervals by recurrent backpropagation takes a very long time, mostly because of insufficient, decaying error backflow. We briefly review Hochreiter's (1991) analysis of this problem, then address it by introducing a novel, efficient, gradient based method called long short-term memory (LSTM). Truncating the gradient where this does not do harm, LSTM can learn to bridge minimal time lags in excess of 1000 discrete-time steps by enforcing constant error flow through constant error carousels within special units. Multiplicative gate units learn to open and close access to the constant error flow. LSTM is local in space and time; its computational complexity per time step and weight is O. 1. Our experiments with artificial data involve local, distributed, real-valued, and noisy pattern representations. In comparisons with real-time recurrent learning, back propagation through time, recurrent cascade correlation, Elman nets, and neural sequence chunking, LSTM leads to many more successful runs, and learns much faster. LSTM also solves complex, artificial long-time-lag tasks that have never been solved by previous recurrent network algorithms.},
  optdoi      = {10.1162/neco.1997.9.8.1735},
  opteprint   = {http://dx.doi.org/10.1162/neco.1997.9.8.1735},
  opturl      = {http://dx.doi.org/10.1162/neco.1997.9.8.1735},
}

@article{DBLP:journals/corr/abs-1712-01393,
  author    = {Yipin Zhou and
               Zhaowen Wang and
               Chen Fang and
               Trung Bui and
               Tamara L. Berg},
  title     = {Visual to Sound: Generating Natural Sound for Videos in the Wild},
  journal   = {CoRR},
  volume    = {abs/1712.01393},
  year      = {2017},
  url       = {http://arxiv.org/abs/1712.01393},
  archivePrefix = {arXiv},
  eprint    = {1712.01393},
  timestamp = {Mon, 13 Aug 2018 16:46:10 +0200},
  biburl    = {https://dblp.org/rec/journals/corr/abs-1712-01393.bib},
  bibsource = {dblp computer science bibliography, https://dblp.org}
}

@article{Park_2019,
   title={SpecAugment: A Simple Data Augmentation Method for Automatic Speech Recognition},
   url={http://dx.doi.org/10.21437/Interspeech.2019-2680},
   DOI={10.21437/interspeech.2019-2680},
   journal={Interspeech 2019},
   publisher={ISCA},
   author={Park, Daniel S. and Chan, William and Zhang, Yu and Chiu, Chung-Cheng and Zoph, Barret and Cubuk, Ekin D. and Le, Quoc V.},
   year={2019},
   month={Sep}
}

@article{130007854954,
author="Tolmachev, Arseny and Kawahara, Daisuke and Kurohashi, Sadao",
title="Design and Structure of The Juman++ Morphological Analyzer Toolkit",
journal="自然言語処理",
ISSN="1340-7619",
publisher="一般社団法人　言語処理学会",
year="2020",
month="",
volume="27",
number="1",
pages="89-132",
URL="https://ci.nii.ac.jp/naid/130007854954/",
DOI="10.5715/jnlp.27.89",
}

@misc{yoshikawa2018stair,
      title={STAIR Actions: A Video Dataset of Everyday Home Actions},
      author={Yuya Yoshikawa and Jiaqing Lin and Akikazu Takeuchi},
      year={2018},
      eprint={1804.04326},
      archivePrefix={arXiv},
      primaryClass={cs.CV}
}
